@book{Sensor,
  author         = {胡向东 and 耿道渠 and 胡蓉 and 白银 and 韩恺敏 and 崔鹏},
  publisher      = {机械工业出版社},
  title          = {传感器与检测技术},
  year           = {2021}
}

@book{STM32,
  author         = {刘黎明 and 王建波 and 赵纲领},
  publisher      = {中国工信出版社，电子工业出版社},
  title          = {嵌入式系统基础与实践},
  year           = {2020}
}

@book{Flask,
  author         = {李辉},
  publisher      = {机械工业出版社},
  title          = {Flask Web开发实战},
  year           = {2023}
}

@book{Linux,
  author         = {韦东山},
  publisher      = {人民邮电出版社},
  title          = {嵌入式Linux应用开发完全手册},
  year           = {2008}
}